@mannual{ctex:2017,
 title={CTEX 宏集手册},
 author={CTEX.ORG},
 note={ftp://ftp.ccu.edu.tw/pub/tex/lan guage/chinese/ctex/ctex.pdf},
 year=2017
}
@mannual{xecjk:2017,
 title={xeCJK 宏包},
 author={CTEX.ORG},
 note={http://ftp.yzu.edu.tw/CTAN/macros/xetex /latex/xecjk/xeCJK.pdf},
 year=2017
}
